@BOOK{Martin2009,
	AUTHOR = {Martin, Robert C.},
	YEAR = {2009},
	TITLE = {Clean Code - Refactoring, Patterns, Testen und Techniken für sauberen Code - Deutsche Ausgabe},
	EDITION = {},
	ISBN = {978-3-826-69638-1},
	PUBLISHER = {MITP-Verlags GmbH \& Co. KG},
	ADDRESS = {Heidelberg},
}

@MISC{Linda_softwarequality,
    author = {Dr. Linda and H. Rosenberg and Lawrence E. Hyatt},
    title = {Software Quality Metrics for Object Oriented System Environments, A report of SATC’s research on OO metrics},
    year = {1995}
}

@ARTICLE{Metrics_OO_design,

  author={S. R. {Chidamber} and C. F. {Kemerer}},

  journal={IEEE Transactions on Software Engineering}, 

  title={A metrics suite for object oriented design}, 

  year={1994},

  volume={20},

  number={6},

  pages={476-493},
 }

